[gd_scene load_steps=19 format=2]

[ext_resource path="res://res/sprites/baddies/shotgun_guy.png" type="Texture" id=1]
[ext_resource path="res://scripts/enemy.gd" type="Script" id=2]

[sub_resource type="RectangleShape2D" id=1]
extents = Vector2( 12.1726, 27.1571 )

[sub_resource type="CapsuleShape2D" id=2]
radius = 20.1496
height = 16.0472

[sub_resource type="CapsuleShape2D" id=3]
radius = 2.15278
height = 0.0

[sub_resource type="AtlasTexture" id=4]
atlas = ExtResource( 1 )
region = Rect2( 120, 0, 60, 60 )

[sub_resource type="AtlasTexture" id=5]
atlas = ExtResource( 1 )
region = Rect2( 120, 60, 60, 60 )

[sub_resource type="AtlasTexture" id=6]
atlas = ExtResource( 1 )
region = Rect2( 0, 0, 60, 60 )

[sub_resource type="AtlasTexture" id=7]
atlas = ExtResource( 1 )
region = Rect2( 180, 60, 60, 60 )

[sub_resource type="AtlasTexture" id=8]
atlas = ExtResource( 1 )
region = Rect2( 0, 120, 60, 60 )

[sub_resource type="AtlasTexture" id=9]
atlas = ExtResource( 1 )
region = Rect2( 60, 120, 60, 60 )

[sub_resource type="AtlasTexture" id=10]
atlas = ExtResource( 1 )
region = Rect2( 0, 0, 60, 60 )

[sub_resource type="AtlasTexture" id=11]
atlas = ExtResource( 1 )
region = Rect2( 60, 0, 60, 60 )

[sub_resource type="AtlasTexture" id=12]
atlas = ExtResource( 1 )
region = Rect2( 120, 0, 60, 60 )

[sub_resource type="AtlasTexture" id=13]
atlas = ExtResource( 1 )
region = Rect2( 180, 0, 60, 60 )

[sub_resource type="AtlasTexture" id=14]
atlas = ExtResource( 1 )
region = Rect2( 60, 60, 60, 60 )

[sub_resource type="AtlasTexture" id=15]
atlas = ExtResource( 1 )
region = Rect2( 0, 60, 60, 60 )

[sub_resource type="SpriteFrames" id=16]
animations = [ {
"frames": [ SubResource( 4 ) ],
"loop": true,
"name": "default",
"speed": 5.0
}, {
"frames": [ SubResource( 5 ), SubResource( 6 ) ],
"loop": false,
"name": "hit",
"speed": 5.0
}, {
"frames": [ SubResource( 7 ), SubResource( 8 ), SubResource( 9 ) ],
"loop": false,
"name": "death",
"speed": 5.0
}, {
"frames": [ SubResource( 10 ), SubResource( 11 ), SubResource( 12 ), SubResource( 13 ), SubResource( 11 ), SubResource( 13 ) ],
"loop": true,
"name": "walk",
"speed": 5.0
}, {
"frames": [ SubResource( 14 ), SubResource( 15 ) ],
"loop": false,
"name": "attack",
"speed": 2.0
} ]

[node name="Enemy_Shotgun_Guy" type="KinematicBody2D" groups=[
"bleed",
"enemies",
"shootable",
]]
collision_layer = 4
script = ExtResource( 2 )
speed = 75
life = 5
attack_delay = 4.0
drop_item = "res://objects/shotgun.tscn"
weapon = "shotgun"

[node name="Area2D" type="Area2D" parent="."]
collision_layer = 0

[node name="CollisionShape2D" type="CollisionShape2D" parent="Area2D"]
position = Vector2( 0.264862, 2.11892 )
shape = SubResource( 1 )

[node name="CollisionShape2D2" type="CollisionShape2D" parent="."]
position = Vector2( 0, 1.58919 )
shape = SubResource( 2 )

[node name="death_body" type="CollisionShape2D" parent="."]
position = Vector2( 2.11893, 25.1622 )
shape = SubResource( 3 )
disabled = true

[node name="onscreen" type="VisibilityNotifier2D" parent="."]

[node name="Sprite" type="AnimatedSprite" parent="."]
frames = SubResource( 16 )
animation = "walk"
frame = 1
playing = true
[connection signal="screen_entered" from="onscreen" to="." method="_on_onscreen_screen_entered"]
[connection signal="screen_exited" from="onscreen" to="." method="_on_onscreen_screen_exited"]
