[gd_scene load_steps=13 format=2]

[ext_resource path="res://scripts/Player_Start.gd" type="Script" id=1]
[ext_resource path="res://res/sprites/teleporter.png" type="Texture" id=2]

[sub_resource type="AtlasTexture" id=1]
atlas = ExtResource( 2 )
region = Rect2( 0, 0, 60, 60 )

[sub_resource type="AtlasTexture" id=2]
atlas = ExtResource( 2 )
region = Rect2( 60, 0, 60, 60 )

[sub_resource type="AtlasTexture" id=3]
atlas = ExtResource( 2 )
region = Rect2( 120, 0, 60, 60 )

[sub_resource type="AtlasTexture" id=4]
atlas = ExtResource( 2 )
region = Rect2( 180, 0, 60, 60 )

[sub_resource type="AtlasTexture" id=5]
atlas = ExtResource( 2 )
region = Rect2( 0, 60, 60, 60 )

[sub_resource type="AtlasTexture" id=6]
atlas = ExtResource( 2 )
region = Rect2( 60, 60, 60, 60 )

[sub_resource type="AtlasTexture" id=7]
atlas = ExtResource( 2 )
region = Rect2( 120, 60, 60, 60 )

[sub_resource type="AtlasTexture" id=8]
atlas = ExtResource( 2 )
region = Rect2( 180, 60, 60, 60 )

[sub_resource type="AtlasTexture" id=9]
atlas = ExtResource( 2 )
region = Rect2( 0, 120, 60, 60 )

[sub_resource type="SpriteFrames" id=10]
animations = [ {
"frames": [ SubResource( 1 ), SubResource( 2 ), SubResource( 3 ), SubResource( 4 ), SubResource( 5 ), SubResource( 6 ), SubResource( 7 ), SubResource( 8 ), SubResource( 9 ) ],
"loop": false,
"name": "default",
"speed": 5.0
} ]

[node name="Player_Start" type="Node2D"]
z_index = 10
script = ExtResource( 1 )

[node name="Sprite" type="AnimatedSprite" parent="."]
frames = SubResource( 10 )
