[gd_scene load_steps=16 format=2]

[ext_resource path="res://scripts/small_flame.gd" type="Script" id=1]
[ext_resource path="res://res/sprites/fx/small_flame/02.png" type="Texture" id=2]
[ext_resource path="res://res/sprites/fx/small_flame/03.png" type="Texture" id=3]
[ext_resource path="res://res/sprites/fx/small_flame/06.png" type="Texture" id=4]
[ext_resource path="res://res/sprites/fx/small_flame/05.png" type="Texture" id=5]
[ext_resource path="res://res/sprites/fx/small_flame/09.png" type="Texture" id=6]
[ext_resource path="res://res/sprites/fx/small_flame/10.png" type="Texture" id=7]
[ext_resource path="res://res/sprites/fx/small_flame/07.png" type="Texture" id=8]
[ext_resource path="res://res/sprites/fx/small_flame/08.png" type="Texture" id=9]
[ext_resource path="res://res/sprites/fx/small_flame/01.png" type="Texture" id=10]
[ext_resource path="res://res/sprites/fx/small_flame/04.png" type="Texture" id=11]

[sub_resource type="Curve" id=1]
_data = [ Vector2( 0, 0 ), 0.0, 0.0, 0, 0, Vector2( 1, 1 ), 0.0, 0.0, 0, 0 ]

[sub_resource type="CurveTexture" id=2]
curve = SubResource( 1 )

[sub_resource type="ParticlesMaterial" id=3]
lifetime_randomness = 0.21
flag_disable_z = true
direction = Vector3( 0, 1, 0 )
gravity = Vector3( 0, -100, 0 )
initial_velocity = 5.65
initial_velocity_random = 0.15
angular_velocity = 211.53
angular_velocity_random = 1.0
orbit_velocity = 0.0
orbit_velocity_random = 0.0
radial_accel = 31.64
radial_accel_random = 0.75
angle = 138.3
angle_random = 0.82
scale_curve = SubResource( 2 )
anim_speed = 29.65
anim_speed_random = 0.57

[sub_resource type="AnimatedTexture" id=4]
frames = 10
fps = 15.0
frame_0/texture = ExtResource( 10 )
frame_1/texture = ExtResource( 2 )
frame_1/delay_sec = 0.0
frame_2/texture = ExtResource( 3 )
frame_2/delay_sec = 0.0
frame_3/texture = ExtResource( 11 )
frame_3/delay_sec = 0.0
frame_4/texture = ExtResource( 5 )
frame_4/delay_sec = 0.0
frame_5/texture = ExtResource( 4 )
frame_5/delay_sec = 0.0
frame_6/texture = ExtResource( 8 )
frame_6/delay_sec = 0.0
frame_7/texture = ExtResource( 9 )
frame_7/delay_sec = 0.0
frame_8/texture = ExtResource( 6 )
frame_8/delay_sec = 0.0
frame_9/texture = ExtResource( 7 )
frame_9/delay_sec = 0.0

[node name="small_flame" type="Particles2D"]
process_material = SubResource( 3 )
texture = SubResource( 4 )
script = ExtResource( 1 )
